@inproceedings{AAAI21,
  title={Traffic flow prediction with vehicle trajectories},
  author={Li, Mingqian and Tong, Panrong and Li, Mo and Jin, Zhongming and Huang, Jianqiang and Hua, Xian-Sheng},
  booktitle={Proceedings of the AAAI Conference on Artificial Intelligence},
  volume={35},
  number={1},
  pages={294--302},
  year={2021}
}

@inproceedings{LibCity,
  author = {Wang, Jingyuan and Jiang, Jiawei and Jiang, Wenjun and Li, Chao and Zhao, Wayne Xin},
  title = {LibCity: An Open Library for Traffic Prediction},
  year = {2021},
  isbn = {9781450386647},
  publisher = {Association for Computing Machinery},
  address = {New York, NY, USA},
  url = {https://doi.org/10.1145/3474717.3483923},
  doi = {10.1145/3474717.3483923},
  booktitle = {Proceedings of the 29th International Conference on Advances in Geographic Information Systems},
  pages = {145-148},
  numpages = {4},
  keywords = {Spatial-temporal System, Reproducibility, Traffic Prediction},
  location = {Beijing, China},
  series = {SIGSPATIAL '21}
}

@article{surveyDL,
  title={Deep learning on traffic prediction: Methods, analysis and future directions},
  author={Yin, Xueyan and Wu, Genze and Wei, Jinze and Shen, Yanming and Qi, Heng and Yin, Baocai},
  journal={IEEE Transactions on Intelligent Transportation Systems},
  year={2021},
  publisher={IEEE}
}

@article{surveyGNN,
  title={Graph neural network for traffic forecasting: A survey},
  author={Jiang, Weiwei and Luo, Jiayun},
  journal={arXiv preprint arXiv:2101.11174},
  year={2021}
}

@article{road_transport_figure,
  title={A dynamic optimization method for adaptive signal control in a connected vehicle environment},
  author={Yao, Zhihong and Jiang, Yangsheng and Zhao, Bin and Luo, Xiaoling and Peng, Bo},
  journal={Journal of Intelligent Transportation Systems},
  volume={24},
  number={2},
  pages={184--200},
  year={2020},
  publisher={Taylor \& Francis}
}

@article{osm,
  title={Openstreetmap: User-generated street maps},
  author={Haklay, Mordechai and Weber, Patrick},
  journal={IEEE Pervasive computing},
  volume={7},
  number={4},
  pages={12--18},
  year={2008},
  publisher={Ieee}
}

@article{fmm,
  title={Fast map matching, an algorithm integrating hidden Markov model with precomputation},
  author={Can Yang and Gyozo Gidofalvi},
  journal={International Journal of Geographical Information Science},
  year={2018},
  volume={32},
  number={3},
  pages={547 - 570}
}

@article{surveyShort-term,
  title={Short-term traffic prediction with deep neural networks: A survey},
  author={Lee, Kyungeun and Eo, Moonjung and Jung, Euna and Yoon, Yoonjin and Rhee, Wonjong},
  journal={IEEE Access},
  volume={9},
  pages={54739--54756},
  year={2021},
  publisher={IEEE}
}

@article{AGCRN,
  title={Adaptive graph convolutional recurrent network for traffic forecasting},
  author={Bai, Lei and Yao, Lina and Li, Can and Wang, Xianzhi and Wang, Can},
  journal={Advances in Neural Information Processing Systems},
  volume={33},
  pages={17804--17815},
  year={2020}
}

@article{GWNET,
  title={Graph wavenet for deep spatial-temporal graph modeling},
  author={Wu, Zonghan and Pan, Shirui and Long, Guodong and Jiang, Jing and Zhang, Chengqi},
  journal={arXiv preprint arXiv:1906.00121},
  year={2019}
}

@inproceedings{LSTNet,
  title={Modeling long-and short-term temporal patterns with deep neural networks},
  author={Lai, Guokun and Chang, Wei-Cheng and Yang, Yiming and Liu, Hanxiao},
  booktitle={The 41st International ACM SIGIR Conference on Research \& Development in Information Retrieval},
  pages={95--104},
  year={2018}
}

@inproceedings{MTGNN,
  title={Connecting the dots: Multivariate time series forecasting with graph neural networks},
  author={Wu, Zonghan and Pan, Shirui and Long, Guodong and Jiang, Jing and Chang, Xiaojun and Zhang, Chengqi},
  booktitle={Proceedings of the 26th ACM SIGKDD International Conference on Knowledge Discovery \& Data Mining},
  pages={753--763},
  year={2020}
}

@inproceedings{ST-Norm,
  title={ST-Norm: Spatial and Temporal Normalization for Multi-variate Time Series Forecasting},
  author={Deng, Jinliang and Chen, Xiusi and Jiang, Renhe and Song, Xuan and Tsang, Ivor W},
  booktitle={Proceedings of the 27th ACM SIGKDD Conference on Knowledge Discovery \& Data Mining},
  pages={269--278},
  year={2021}
}

@article{ITS,
  title={Data-driven intelligent transportation systems: A survey},
  author={Zhang, Junping and Wang, Fei-Yue and Wang, Kunfeng and Lin, Wei-Hua and Xu, Xin and Chen, Cheng},
  journal={IEEE Transactions on Intelligent Transportation Systems},
  volume={12},
  number={4},
  pages={1624--1639},
  year={2011},
  publisher={IEEE}
}

@article{GCN0,
  title={Semi-supervised classification with graph convolutional networks},
  author={Kipf, Thomas N and Welling, Max},
  journal={arXiv preprint arXiv:1609.02907},
  year={2016}
}

@inproceedings{STGCN,
  title={Spatio-temporal graph convolutional networks: a deep learning framework for traffic forecasting},
  author={Yu, Bing and Yin, Haoteng and Zhu, Zhanxing},
  booktitle={Proceedings of the 27th International Joint Conference on Artificial Intelligence},
  pages={3634--3640},
  year={2018}
}

@inproceedings{DCRNN,
  title={Diffusion Convolutional Recurrent Neural Network: Data-Driven Traffic Forecasting},
  author={Li, Yaguang and Yu, Rose and Shahabi, Cyrus and Liu, Yan},
  booktitle={International Conference on Learning Representations},
  year={2018}
}

@inproceedings{taxibj,
  title={Deep spatio-temporal residual networks for citywide crowd flows prediction},
  author={Zhang, Junbo and Zheng, Yu and Qi, Dekang},
  booktitle={Thirty-first AAAI conference on artificial intelligence},
  year={2017}
}

@inproceedings{HMMM,
  title={Hidden Markov map matching through noise and sparseness},
  author={Newson, Paul and Krumm, John},
  booktitle={Proceedings of the 17th ACM SIGSPATIAL international conference on advances in geographic information systems},
  pages={336--343},
  year={2009}
}

@inproceedings{roadrep,
  title={Learning effective road network representation with hierarchical graph neural networks},
  author={Wu, Ning and Zhao, Xin Wayne and Wang, Jingyuan and Pan, Dayan},
  booktitle={Proceedings of the 26th ACM SIGKDD International Conference on Knowledge Discovery \& Data Mining},
  pages={6--14},
  year={2020}
}

@inproceedings{trajnet,
  title={Trajnet: A trajectory-based deep learning model for traffic prediction},
  author={Hui, Bo and Yan, Da and Chen, Haiquan and Ku, Wei-Shinn},
  booktitle={Proceedings of the 27th ACM SIGKDD Conference on Knowledge Discovery \& Data Mining},
  pages={716--724},
  year={2021}
}

@article{ARIMA_pred,
  title={Urban freeway traffic flow prediction: application of seasonal autoregressive integrated moving average and exponential smoothing models},
  author={Williams, Billy M and Durvasula, Priya K and Brown, Donald E},
  journal={Transportation Research Record},
  volume={1644},
  number={1},
  pages={132--141},
  year={1998},
  publisher={SAGE Publications Sage CA: Los Angeles, CA}
}

@article{knn_pred,
  title={Nonparametric regression and short-term freeway traffic forecasting},
  author={Davis, Gary A and Nihan, Nancy L},
  journal={Journal of Transportation Engineering},
  volume={117},
  number={2},
  pages={178--188},
  year={1991},
  publisher={American Society of Civil Engineers}
}

@article{var_pred,
  title={Predictions of freeway traffic speeds and volumes using vector autoregressive models},
  author={Chandra, Srinivasa Ravi and Al-Deek, Haitham},
  journal={Journal of Intelligent Transportation Systems},
  volume={13},
  number={2},
  pages={53--72},
  year={2009},
  publisher={Taylor \& Francis}
}

@inproceedings{svm_pred,
  title={A comparison of the performance of artificial neural networks and support vector machines for the prediction of traffic speed},
  author={Vanajakshi, Lelitha and Rilett, Laurence R},
  booktitle={IEEE Intelligent Vehicles Symposium, 2004},
  pages={194--199},
  year={2004},
  organization={IEEE}
}

@article{seq2seq,
  title={Sequence to sequence learning with neural networks},
  author={Sutskever, Ilya and Vinyals, Oriol and Le, Quoc V},
  journal={Advances in neural information processing systems},
  volume={27},
  year={2014}
}

@article{data_cleaning,
  title={A review on coarse warranty data and analysis},
  author={Wu, Shaomin},
  journal={Reliability Engineering \& System Safety},
  volume={114},
  pages={1--11},
  year={2013},
  publisher={Elsevier}
}

@article{graph_simplify,
  title={Automating the detection and simplification of junctions in road networks},
  author={Mackaness, William A and Mackechnie, Gordon A},
  journal={GeoInformatica},
  volume={3},
  number={2},
  pages={185--200},
  year={1999},
  publisher={Springer}
}

@article{mm,
  title={Current map-matching algorithms for transport applications: State-of-the art and future research directions},
  author={Quddus, Mohammed A and Ochieng, Washington Y and Noland, Robert B},
  journal={Transportation research part c: Emerging technologies},
  volume={15},
  number={5},
  pages={312--328},
  year={2007},
  publisher={Elsevier}
}

@inproceedings{stmm,
  title={Map-matching for low-sampling-rate GPS trajectories},
  author={Lou, Yin and Zhang, Chengyang and Zheng, Yu and Xie, Xing and Wang, Wei and Huang, Yan},
  booktitle={Proceedings of the 17th ACM SIGSPATIAL international conference on advances in geographic information systems},
  pages={352--361},
  year={2009}
}

@inproceedings{word_embed,
  title={A Brief Survey of Word Embedding and Its Recent Development},
  author={Jiao, Qilu and Zhang, Shunyao},
  booktitle={2021 IEEE 5th Advanced Information Technology, Electronic and Automation Control Conference (IAEAC)},
  volume={5},
  pages={1697--1701},
  year={2021},
  organization={IEEE}
}

@article{dot_prod_simi,
  title={Introduction to information retrieval},
  author={Manning, Christopher and Raghavan, Prabhakar and Sch{\"u}tze, Hinrich},
  journal={Natural Language Engineering},
  volume={16},
  number={1},
  pages={100--103},
  year={2010},
  publisher={Cambridge university press}
}

@article{LSTM,
  title={Long short-term memory},
  author={Hochreiter, Sepp and Schmidhuber, J{\"u}rgen},
  journal={Neural computation},
  volume={9},
  number={8},
  pages={1735--1780},
  year={1997},
  publisher={MIT Press}
}

@article{knn,
  title={Discriminatory analysis. Nonparametric discrimination: Consistency properties},
  author={Fix, Evelyn and Hodges, Joseph Lawson},
  journal={International Statistical Review/Revue Internationale de Statistique},
  volume={57},
  number={3},
  pages={238--247},
  year={1989},
  publisher={JSTOR}
}
